<record><leader>00000cas a22000007a 4500</leader><controlfield tag="001">12159049</controlfield><controlfield tag="008">850614d1969198uinu x ne      0    0eng d</controlfield><datafield ind1=" " ind2=" " tag="010"><subfield code="a">sn 85047954 </subfield></datafield><datafield ind1=" " ind2=" " tag="040"><subfield code="a">NPI</subfield><subfield code="b">eng</subfield><subfield code="c">NPI</subfield><subfield code="d">OCL</subfield><subfield code="d">NPI</subfield><subfield code="d">OCLCQ</subfield></datafield><datafield ind1=" " ind2=" " tag="042"><subfield code="a">msc</subfield></datafield><datafield ind1="0" ind2="4" tag="245"><subfield code="a">The People--yes!.</subfield></datafield><datafield ind1="1" ind2="3" tag="246"><subfield code="a">People--please</subfield></datafield><datafield ind1=" " ind2=" " tag="260"><subfield code="a">Columbus, Ind. :</subfield><subfield code="b">Southern Indiana Community People's Alliance,</subfield><subfield code="c">1969-</subfield></datafield><datafield ind1=" " ind2=" " tag="300"><subfield code="a">v. :</subfield><subfield code="b">ill. ;</subfield><subfield code="c">28-37 cm.</subfield></datafield><datafield ind1=" " ind2=" " tag="310"><subfield code="a">Irregular</subfield></datafield><datafield ind1="0" ind2=" " tag="362"><subfield code="a">Vol. 1, no. 1 (Nov. 1969)-</subfield></datafield><datafield ind1=" " ind2=" " tag="500"><subfield code="a">The first issue was entitled: The People--please.</subfield></datafield><datafield ind1=" " ind2=" " tag="500"><subfield code="a">Many irregularities in numbering.</subfield></datafield><datafield ind1=" " ind2=" " tag="500"><subfield code="a">Oriented toward lower income and disadvantaged population.</subfield></datafield><datafield ind1=" " ind2=" " tag="752"><subfield code="a">United States</subfield><subfield code="b">Indiana</subfield><subfield code="c">Bartholomew</subfield><subfield code="d">Columbus.</subfield></datafield><datafield ind1="1" ind2=" " tag="029"><subfield code="a">AU@</subfield><subfield code="b">000025839613</subfield></datafield></record>